<record><leader>00000cas a2200000 a 4500</leader><controlfield tag="001">11484264</controlfield><controlfield tag="008">841212d19781987vaudn ne      0   a0eng c</controlfield><datafield ind1=" " ind2=" " tag="010"><subfield code="a">sn 84002101 </subfield></datafield><datafield ind1=" " ind2=" " tag="040"><subfield code="a">NSD</subfield><subfield code="b">eng</subfield><subfield code="c">NSD</subfield><subfield code="d">DLC</subfield><subfield code="d">NVK</subfield><subfield code="d">DLC</subfield><subfield code="d">OCLCQ</subfield><subfield code="d">OCLCF</subfield><subfield code="d">OCLCO</subfield></datafield><datafield ind1=" " ind2=" " tag="012"><subfield code="m">d</subfield></datafield><datafield ind1="1" ind2=" " tag="022"><subfield code="a">8750-4987</subfield><subfield code="l">8750-4987</subfield><subfield code="2">1</subfield></datafield><datafield ind1="1" ind2=" " tag="029"><subfield code="a">AU@</subfield><subfield code="b">000020343904</subfield></datafield><datafield ind1=" " ind2=" " tag="042"><subfield code="a">nsdp</subfield><subfield code="a">pcc</subfield></datafield><datafield ind1=" " ind2=" " tag="043"><subfield code="a">n-us-va</subfield></datafield><datafield ind1="0" ind2="0" tag="050"><subfield code="a">Newspaper</subfield></datafield><datafield ind1="0" ind2=" " tag="130"><subfield code="a">Alexandria gazette (Alexandria, Va. : 1978)</subfield></datafield><datafield ind1=" " ind2="4" tag="222"><subfield code="a">The Alexandria gazette</subfield></datafield><datafield ind1="1" ind2="4" tag="245"><subfield code="a">The Alexandria gazette.</subfield></datafield><datafield ind1=" " ind2=" " tag="260"><subfield code="a">Alexandria, Va. :</subfield><subfield code="b">Alexandria Gazette Corp.,</subfield><subfield code="c">1978-1987.</subfield></datafield><datafield ind1=" " ind2=" " tag="310"><subfield code="a">Daily (except Saturday &amp; Sunday),</subfield><subfield code="b">Sept. 17, 1983-</subfield></datafield><datafield ind1=" " ind2=" " tag="321"><subfield code="a">Daily (except Sunday)</subfield></datafield><datafield ind1="0" ind2=" " tag="362"><subfield code="a">Vol. 194, no. 313 (Feb. 4, 1978)-v. 204, no. 110 (July 10, 1987).</subfield></datafield><datafield ind1=" " ind2=" " tag="500"><subfield code="a">Publishers: Dominion Newspapers, Inc., &lt;1987&gt;.</subfield></datafield><datafield ind1=" " ind2=" " tag="530"><subfield code="a">Also available from the Library of Congress, Photoduplication Service.</subfield></datafield><datafield ind1=" " ind2=" " tag="580"><subfield code="a">Merged with: Alexandria port packet, to form: Alexandria gazette packet.</subfield></datafield><datafield ind1=" " ind2="0" tag="651"><subfield code="a">Alexandria (Va.)</subfield><subfield code="v">Newspapers.</subfield></datafield><datafield ind1=" " ind2="7" tag="655"><subfield code="a">Newspapers.</subfield><subfield code="2">fast</subfield><subfield code="0">(OCoLC)fst01423814</subfield></datafield><datafield ind1=" " ind2="7" tag="651"><subfield code="a">Virginia</subfield><subfield code="z">Alexandria.</subfield><subfield code="2">fast</subfield><subfield code="0">(OCoLC)fst01206236</subfield></datafield><datafield ind1=" " ind2=" " tag="752"><subfield code="a">United States</subfield><subfield code="b">Virginia</subfield><subfield code="d">Alexandria.</subfield></datafield><datafield ind1="0" ind2="0" tag="780"><subfield code="t">Gazette (Alexandria, Va.)</subfield><subfield code="w">(DLC)sn 94060016</subfield></datafield><datafield ind1="1" ind2="7" tag="785"><subfield code="t">Alexandria port packet</subfield><subfield code="w">(DLC)sn 98068095</subfield></datafield><datafield ind1="1" ind2="7" tag="785"><subfield code="t">Alexandria gazette packet</subfield><subfield code="x">1050-7620</subfield><subfield code="w">(DLC)sn 90002142</subfield><subfield code="w">(OCoLC)21587663</subfield></datafield></record>